% Encoding: UTF-8

@Book{Masse2011,
  author    = {Masse, Mark},
  publisher = {O'Reilly Media, Inc, USA},
  title     = {REST API Design Rulebook},
  year      = {2011},
  isbn      = {1449310508},
  month     = nov,
  ean       = {9781449310509},
  pagetotal = {114},
  url       = {https://www.ebook.de/de/product/16725812/mark_masse_rest_api_design_rulebook.html},
}

@Book{Duckett2011,
  author    = {Duckett, Jon},
  publisher = {Wiley John + Sons},
  title     = {HTML and CSS},
  year      = {2011},
  isbn      = {1118008189},
  month     = nov,
  ean       = {9781118008188},
  pagetotal = {512},
  url       = {https://www.ebook.de/de/product/13957669/jon_duckett_html_and_css.html},
}

@BOOK{Rauschmayer2019-dk,
	title     = "{JavaScript} for impatient programmers",
	author    = "Rauschmayer, Axel",
	publisher = "Independently Published",
	month     =  aug,
	year      =  2019
}

@BOOK{Ford2008-il,
	title     = "Ajax programming for the absolute beginner",
	author    = "Ford, Jerry Lee",
	publisher = "Delmar Cengage Learning",
	month     =  oct,
	year      =  2008,
	address   = "Florence, AL"
}

@BOOK{York2015-ud,
	title     = "Web Development with jQuery",
	author    = "York, Richard",
	publisher = "John Wiley \& Sons",
	month     =  mar,
	year      =  2015,
	address   = "Nashville, TN",
	language  = "en"
}

@MISC{noauthor_2015-ia,
	title     = "Appendix I: Utilities",
	booktitle = "Web Development with jQuery\textregistered{}",
	publisher = "Wiley",
	pages     = "547--550",
	month     =  mar,
	year      =  2015
}

@MISC{noauthor_2015-qh,
	title     = "Scrollbars",
	booktitle = "Web Development with jQuery\textregistered{}",
	publisher = "Wiley",
	pages     = "267--278",
	month     =  mar,
	year      =  2015
}

@MISC{noauthor_2015-yp,
	title     = "Appendix P: Dialog",
	booktitle = "Web Development with jQuery\textregistered{}",
	publisher = "Wiley",
	pages     = "599--604",
	month     =  mar,
	year      =  2015
}

@MISC{noauthor_2015-bm,
	title     = "Appendix K: Sortable",
	booktitle = "Web Development with jQuery\textregistered{}",
	publisher = "Wiley",
	pages     = "561--568",
	month     =  mar,
	year      =  2015
}

@MISC{noauthor_2015-qd,
	title     = "Appendix B: jQuery Selectors",
	booktitle = "Web Development with jQuery\textregistered{}",
	publisher = "Wiley",
	pages     = "493--500",
	month     =  mar,
	year      =  2015
}

@MISC{noauthor_2015-cn,
	title     = "Appendix E: Manipulating content, attributes, and custom data",
	booktitle = "Web Development with jQuery\textregistered{}",
	publisher = "Wiley",
	pages     = "523--526",
	month     =  mar,
	year      =  2015
}

@MISC{noauthor_2015-wa,
	title     = "Appendix H: {CSS}",
	booktitle = "Web Development with jQuery\textregistered{}",
	publisher = "Wiley",
	pages     = "543--546",
	month     =  mar,
	year      =  2015
}

@MISC{noauthor_2015-fi,
	title     = "Datepicker",
	booktitle = "Web Development with jQuery\textregistered{}",
	publisher = "Wiley",
	pages     = "383--398",
	month     =  mar,
	year      =  2015
}

@MISC{noauthor_2015-yp,
	title     = "Manipulating Content and Attributes",
	booktitle = "Web Development with jQuery\textregistered{}",
	publisher = "Wiley",
	pages     = "89--134",
	month     =  mar,
	year      =  2015
}

@MISC{noauthor_2015-rd,
	title     = "Index",
	booktitle = "Web Development with jQuery\textregistered{}",
	publisher = "Wiley",
	pages     = "627--640",
	month     =  mar,
	year      =  2015
}

@MISC{noauthor_2015-ew,
	title     = "Appendix C: Selecting, traversing, and filtering",
	booktitle = "Web Development with jQuery\textregistered{}",
	publisher = "Wiley",
	pages     = "501--508",
	month     =  mar,
	year      =  2015
}

@MISC{noauthor_2015-yx,
	title     = "Tablesorter",
	booktitle = "Web Development with jQuery\textregistered{}",
	publisher = "Wiley",
	pages     = "431--442",
	month     =  mar,
	year      =  2015
}

@MISC{noauthor_2015-ah,
	title     = "Appendix Q: Tabs",
	booktitle = "Web Development with jQuery\textregistered{}",
	publisher = "Wiley",
	pages     = "605--610",
	month     =  mar,
	year      =  2015
}

@MISC{noauthor_2015-im,
	title     = "Dialog",
	booktitle = "Web Development with jQuery\textregistered{}",
	publisher = "Wiley",
	pages     = "399--416",
	month     =  mar,
	year      =  2015
}

@MISC{noauthor_2015-bs,
	title     = "Appendix N: Accordion",
	booktitle = "Web Development with jQuery\textregistered{}",
	publisher = "Wiley",
	pages     = "585--588",
	month     =  mar,
	year      =  2015
}

@MISC{noauthor_2015-ca,
	title     = "{HTML5} Drag and Drop",
	booktitle = "Web Development with jQuery\textregistered{}",
	publisher = "Wiley",
	pages     = "279--320",
	month     =  mar,
	year      =  2015
}

@MISC{noauthor_2015-wm,
	title     = "Sortable",
	booktitle = "Web Development with jQuery\textregistered{}",
	publisher = "Wiley",
	pages     = "339--360",
	month     =  mar,
	year      =  2015
}

@MISC{noauthor_2015-yq,
	title     = "Appendix A: Exercise answers",
	booktitle = "Web Development with jQuery\textregistered{}",
	publisher = "Wiley",
	pages     = "481--492",
	month     =  mar,
	year      =  2015
}

@MISC{noauthor_2015-jj,
	title     = "Appendix R: Resizable",
	booktitle = "Web Development with jQuery\textregistered{}",
	publisher = "Wiley",
	pages     = "611--614",
	month     =  mar,
	year      =  2015
}

@BOOK{Vaswani2008-ms,
	title     = "PHP: A BEGINNER'S GUIDE",
	author    = "Vaswani, Vikram",
	publisher = "Osborne/McGraw-Hill",
	series    = "Beginner's Guide",
	month     =  oct,
	year      =  2008,
	address   = "New York, NY",
	language  = "en"
}


